%********************************************************************
% Articles
%********************************************************************
@Article{Austin,
    Author = {Austin, Tim and Benjamini, Itai},
    Year = {2006},
    Month = {08},
    Title = {{For What Number of Cars Must Self Organization Occur in the Biham-Middleton-Levine Traffic Model From Any Possible Starting Configuration?}},
    URL = {https://arxiv.org/abs/math/0607759}
}

@Article{DSouza,
    Title = {{Coexisting Phases and Lattice Dependence of a Cellular Automaton Model for Traffic Flow}},
    Volume = {71},
    DOI = {10.1103/PHYSREVE.71.066112},
    Number = {6},
    Journal = {Physical Review E},
    Author = {D’Souza, Raissa M.},
    Year = {2005}
}

@Article{Biham,
    Title = {{Self-organization and a Dynamical Transition in Traffic-flow Models}},
    Author = {{Ofer Biham, A. Alan Middleton and Dov Levine}},
    Journal = {Phys. Rev. A},
    Volume = {46},
    Issue = {10},
    Pages = {6124-6127},
    Year = {1992},
    Month = {11},
    Publisher = {American Physical Society},
    DOI = {10.1103/PHYSREVA.46.R6124}
}

@Article{Helbing,
    Title = {{Improved Fluid-Dynamic Model for Vehicular Traffic}},
    Volume = {51},
    DOI = {10.1103/PHYSREVE.51.3164},
    Number = {4},
    Journal = {Physical Review E},
    Author = {Helbing, Dirk},
    Year = {1995},
    Pages = {3164–3169}
}

@Article{Nagatani,
    Title = {{Effect of Car Acceleration on Traffic Flow in 1D Stochastic CA Model}},
    Volume = {223},
    DOI = {10.1016/0378-4371(95)00292-8},
    Number = {1-2},
    Journal = {Physica A: Statistical Mechanics and its Applications},
    Author = {Nagatani, Takashi},
    Year={1996},
    Pages = {137–148}
}

@Article{Omer,
    Author = {Omer Angel and Alexander Holroyd and James Martin},
    Title = {{The Jammed Phase of the Biham-Middleton-Levine Traffic Model}},
    Volume = {10},
    Journal = {Electronic Communications in Probability},
    Publisher = {Institute of Mathematical Statistics and Bernoulli Society},
    Pages = {167 -- 178},
    Year = {2005},
    DOI = {10.1214/ECP.V10-1148},
    URL = {https://doi.org/10.1214/ECP.v10-1148}
}
%********************************************************************
% Proceedings
%********************************************************************
@InProceedings{DYin,
    Author = {D. {Yin} and T. Z. {Qiu}},
    BookTitle = {{2012 15th International IEEE Conference on Intelligent Transportation Systems}}, 
    Title = {{Traffic Jam Modeling and Simulation}}, 
    Year = {2012},
    Pages = {1423-1428},
    DOI = {10.1109/ITSC.2012.6338916}
}

%********************************************************************
% Misc
%********************************************************************
@Online{Wikipedia_Torus,
    Title = {{TorusAsSquare}},
    URL = {https://commons.wikimedia.org/wiki/File:TorusAsSquare.svg},
    Journal = {Wikipedia},
    Publisher = {Wikimedia Foundation},
    Year = {2021},
    Month = {4}
}
%********************************************************************